@article{AtzmonAI20,
  author    = {Dor Atzmon and
               Roni Stern and
               Ariel Felner and
               Glenn Wagner and
               Roman Bart{\'{a}}k and
               Neng{-}Fa Zhou},
  title     = {Robust Multi-Agent Path Finding and Executing},
  journal   = {J. Artif. Intell. Res.},
  volume    = {67},
  pages     = {549--579},
  year      = {2020}
}
@inproceedings{MaAAAI17,
 author = {Hang Ma and T. K. Satish Kumar and Sven Koenig},
 booktitle = {{AAAI} Conference on Artificial Intelligence},
 pages = {3605--3612},
 title = {Multi-Agent Path Finding with Delay Probabilities},
 year = {2017}
}
@inproceedings{sibai2020multi,
  title={Multi-Agent Safety Verification using Symmetry Transformations},
  author={Sibai, Hussein and Mokhlesi, Navid and Fan, Chuchu and Mitra, Sayan},
  booktitle={International Conference on Tools and Algorithms for the Construction and Analysis of Systems},
  pages={173--190},
  year={2020},
  organization={Springer}
}
@inproceedings{preiss2017crazyswarm,
  title={Crazyswarm: A large nano-quadcopter swarm},
  author={Preiss, James A and Honig, Wolfgang and Sukhatme, Gaurav S and Ayanian, Nora},
  booktitle={2017 IEEE International Conference on Robotics and Automation (ICRA)},
  pages={3299--3304},
  year={2017},
  organization={IEEE}
}
@article{rodriguez2014trajectory,
  title={Trajectory tracking with collision avoidance for nonholonomic vehicles with acceleration constraints and limited sensing},
  author={Rodr{\'\i}guez-Seda, Erick J and Tang, Chinpei and Spong, Mark W and Stipanovi{\'c}, Du{\v{s}}an M},
  journal={The International Journal of Robotics Research},
  volume={33},
  number={12},
  pages={1569--1592},
  year={2014},
  publisher={SAGE Publications Sage UK: London, England}
}
@inproceedings{mellinger2011minimum,
  title={Minimum snap trajectory generation and control for quadrotors},
  author={Mellinger, Daniel and Kumar, Vijay},
  booktitle={2011 IEEE international conference on robotics and automation},
  pages={2520--2525},
  year={2011},
  organization={IEEE}
}
@inproceedings{pepy2006path,
  title={Path planning using a dynamic vehicle model},
  author={Pepy, Romain and Lambert, Alain and Mounier, Hugues},
  booktitle={2006 2nd International Conference on Information \& Communication Technologies},
  volume={1},
  pages={781--786},
  year={2006},
  organization={IEEE}
}
@inproceedings{fan2020fast,
  title={Fast and Guaranteed Safe Controller Synthesis for Nonlinear Vehicle Models},
  author={Fan, Chuchu and Miller, Kristina and Mitra, Sayan},
  booktitle={International Conference on Computer Aided Verification},
  pages={629--652},
  year={2020},
  organization={Springer}
}
@article{morgan2014model,
  title={Model predictive control of swarms of spacecraft using sequential convex programming},
  author={Morgan, Daniel and Chung, Soon-Jo and Hadaegh, Fred Y},
  journal={Journal of Guidance, Control, and Dynamics},
  volume={37},
  number={6},
  pages={1725--1740},
  year={2014},
  publisher={American Institute of Aeronautics and Astronautics}
}
@inproceedings{debord2018trajectory,
  title={Trajectory planning for heterogeneous robot teams},
  author={Debord, Mark and H{\"o}nig, Wolfgang and Ayanian, Nora},
  booktitle={2018 IEEE/RSJ International Conference on Intelligent Robots and Systems (IROS)},
  pages={7924--7931},
  year={2018},
  organization={IEEE}
}
@inproceedings{mellinger2012mixed,
  title={Mixed-integer quadratic program trajectory generation for heterogeneous quadrotor teams},
  author={Mellinger, Daniel and Kushleyev, Alex and Kumar, Vijay},
  booktitle={2012 IEEE international conference on robotics and automation},
  pages={477--483},
  year={2012},
  organization={IEEE}
}
@inproceedings{augugliaro2012generation,
  title={Generation of collision-free trajectories for a quadrocopter fleet: A sequential convex programming approach},
  author={Augugliaro, Federico and Schoellig, Angela P and D'Andrea, Raffaello},
  booktitle={2012 IEEE/RSJ international conference on Intelligent Robots and Systems},
  pages={1917--1922},
  year={2012},
  organization={IEEE}
}
@inproceedings{cohen2019optimal,
  title={Optimal and bounded-suboptimal multi-agent motion planning},
  author={Cohen, Liron and Uras, Tansel and Kumar, TK Satish and Koenig, Sven},
  booktitle={Twelfth Annual Symposium on Combinatorial Search},
  year={2019}
}
@inproceedings{walker2017using,
  title={Using Hierarchical Constraints to Avoid Conflicts in Multi-Agent Pathfinding.},
  author={Walker, Thayne T and Chan, David M and Sturtevant, Nathan R},
  booktitle={ICAPS},
  pages={316--324},
  year={2017}
}
@inproceedings{walker2018extended,
  title={Extended Increasing Cost Tree Search for Non-Unit Cost Domains.},
  author={Walker, Thayne T and Sturtevant, Nathan R and Felner, Ariel},
  booktitle={IJCAI},
  pages={534--540},
  year={2018}
}
@inproceedings{li2019multi,
  title={Multi-agent path finding for large agents},
  author={Li, Jiaoyang and Surynek, Pavel and Felner, Ariel and Ma, Hang and Kumar, TK Satish and Koenig, Sven},
  booktitle={Proceedings of the AAAI Conference on Artificial Intelligence},
  volume={33},
  pages={7627--7634},
  year={2019}
}
@inproceedings{YakovlevA17,
  author    = {Konstantin S. Yakovlev and
               Anton Andreychuk},
  editor    = {Laura Barbulescu and
               Jeremy Frank and
               Mausam and
               Stephen F. Smith},
  title     = {Any-Angle Pathfinding for Multiple Agents Based on {SIPP} Algorithm},
  booktitle = {Proceedings of the Twenty-Seventh International Conference on Automated
               Planning and Scheduling, {ICAPS} 2017, Pittsburgh, Pennsylvania, USA,
               June 18-23, 2017},
  pages     = {586},
  publisher = {{AAAI} Press},
  year      = {2017},
  url       = {https://aaai.org/ocs/index.php/ICAPS/ICAPS17/paper/view/15652},
  timestamp = {Tue, 22 Oct 2019 12:51:22 +0200},
  biburl    = {https://dblp.org/rec/conf/aips/YakovlevA17.bib},
  bibsource = {dblp computer science bibliography, https://dblp.org}
}
@inproceedings{AndreychukYAS19,
  author    = {Anton Andreychuk and
               Konstantin S. Yakovlev and
               Dor Atzmon and
               Roni Stern},
  editor    = {Sarit Kraus},
  title     = {Multi-Agent Pathfinding with Continuous Time},
  booktitle = {Proceedings of the Twenty-Eighth International Joint Conference on
               Artificial Intelligence, {IJCAI} 2019, Macao, China, August 10-16,
               2019},
  pages     = {39--45},
  publisher = {ijcai.org},
  year      = {2019},
  url       = {https://doi.org/10.24963/ijcai.2019/6},
  doi       = {10.24963/ijcai.2019/6},
  timestamp = {Tue, 22 Oct 2019 12:51:22 +0200},
  biburl    = {https://dblp.org/rec/conf/ijcai/AndreychukYAS19.bib},
  bibsource = {dblp computer science bibliography, https://dblp.org}
}
@article{sharon2015conflict,
  title={Conflict-based search for optimal multi-agent pathfinding},
  author={Sharon, Guni and Stern, Roni and Felner, Ariel and Sturtevant, Nathan R},
  journal={Artificial Intelligence},
  volume={219},
  pages={40--66},
  year={2015},
  publisher={Elsevier}
}
@article{sharon2013increasing,
  title={The increasing cost tree search for optimal multi-agent pathfinding},
  author={Sharon, Guni and Stern, Roni and Goldenberg, Meir and Felner, Ariel},
  journal={Artificial Intelligence},
  volume={195},
  pages={470--495},
  year={2013},
  publisher={Elsevier}
}
@article{goldenberg2014enhanced,
  title={Enhanced partial expansion A},
  author={Goldenberg, Meir and Felner, Ariel and Stern, Roni and Sharon, Guni and Sturtevant, Nathan and Holte, Robert C and Schaeffer, Jonathan},
  journal={Journal of Artificial Intelligence Research},
  volume={50},
  pages={141--187},
  year={2014}
}
@inproceedings{wagner2011m,
  title={M*: A complete multirobot path planning algorithm with performance bounds},
  author={Wagner, Glenn and Choset, Howie},
  booktitle={2011 IEEE/RSJ international conference on intelligent robots and systems},
  pages={3260--3267},
  year={2011},
  organization={IEEE}
}
@inproceedings{standley2010finding,
  title={Finding Optimal Solutions to Cooperative Pathfinding Problems.},
  author={Standley, Trevor Scott},
  booktitle={AAAI},
  volume={1},
  pages={28--29},
  year={2010},
  organization={Atlanta, GA}
}
@misc{bartak2017scheduling,
  title={Scheduling models for multi-agent path finding},
  author={Bart{\'a}k, Roman and {\v{S}}vancara, Jir{\i} and Vlk, Marek},
  year={2017},
  publisher={MISTA}
}
@inproceedings{surynek2016efficient,
  title={Efficient SAT approach to multi-agent path finding under the sum of costs objective},
  author={Surynek, Pavel and Felner, Ariel and Stern, Roni and Boyarski, Eli},
  booktitle={Proceedings of the Twenty-second European Conference on Artificial Intelligence},
  pages={810--818},
  year={2016}
}
@inproceedings{erdem2013general,
  title={A general formal framework for pathfinding problems with multiple agents},
  author={Erdem, Esra and Kisa, Doga Gizem and Oztok, Umut and Sch{\"u}ller, Peter},
  booktitle={Twenty-Seventh AAAI Conference on Artificial Intelligence},
  year={2013}
}
@inproceedings{yu2013planning,
  title={Planning optimal paths for multiple robots on graphs},
  author={Yu, Jingjin and LaValle, Steven M},
  booktitle={2013 IEEE International Conference on Robotics and Automation},
  pages={3612--3617},
  year={2013},
  organization={IEEE}
}
@inproceedings{boyarski2015icbs,
  title={Icbs: The improved conflict-based search algorithm for multi-agent pathfinding},
  author={Boyarski, Eli and Felner, Ariel and Stern, Roni and Sharon, Guni and Betzalel, Oded and Tolpin, David and Shimony, Eyal},
  booktitle={Eighth annual symposium on combinatorial search},
  year={2015},
  organization={Citeseer}
}
@inproceedings{barer2014suboptimal,
  title={Suboptimal variants of the conflict-based search algorithm for the multi-agent pathfinding problem},
  author={Barer, Max and Sharon, Guni and Stern, Roni and Felner, Ariel},
  booktitle={Seventh Annual Symposium on Combinatorial Search},
  year={2014},
  organization={Citeseer}
}
@inproceedings{vcap2015complete,
  title={Complete decentralized method for on-line multi-robot trajectory planning in well-formed infrastructures},
  author={{\v{C}}{\'a}p, Michal and Vok{\v{r}}{\'\i}nek, Ji{\v{r}}{\'\i} and Kleiner, Alexander},
  booktitle={Proceedings of the Twenty-Fifth International Conference on International Conference on Automated Planning and Scheduling},
  pages={324--332},
  year={2015}
}
@article{wang2011mapp,
  title={MAPP: a scalable multi-agent path planning algorithm with tractability and completeness guarantees},
  author={Wang, Ko-Hsin Cindy and Botea, Adi},
  journal={Journal of Artificial Intelligence Research},
  volume={42},
  pages={55--90},
  year={2011}
}
@inproceedings{velagapudi2010decentralized,
  title={Decentralized prioritized planning in large multirobot teams},
  author={Velagapudi, Prasanna and Sycara, Katia and Scerri, Paul},
  booktitle={2010 IEEE/RSJ International Conference on Intelligent Robots and Systems},
  pages={4603--4609},
  year={2010},
  organization={IEEE}
}
@inproceedings{sturtevant2006improving,
  title={Improving Collaborative Pathfinding Using Map Abstraction.},
  author={Sturtevant, Nathan R and Buro, Michael},
  booktitle={AIIDE},
  pages={80--85},
  year={2006},
  organization={Marina del Rey}
}
@article{silver2005cooperative,
  title={Cooperative Pathfinding.},
  author={Silver, David},
  journal={AIIDE},
  volume={1},
  pages={117--122},
  year={2005},
  publisher={Marina Del Rey}
}
@inproceedings{yu2013structure,
  title={Structure and intractability of optimal multi-robot path planning on graphs},
  author={Yu, Jingjin and LaValle, Steven M},
  booktitle={Twenty-Seventh AAAI Conference on Artificial Intelligence},
  year={2013}
}
@inproceedings{felner2017search,
  title={Search-based optimal solvers for the multi-agent pathfinding problem: Summary and challenges},
  author={Felner, Ariel and Stern, Roni and Shimony, Solomon Eyal and Boyarski, Eli and Goldenberg, Meir and Sharon, Guni and Sturtevant, Nathan and Wagner, Glenn and Surynek, Pavel},
  booktitle={Tenth Annual Symposium on Combinatorial Search},
  year={2017}
}
@inproceedings{MaWOMAPF16,
 author = {Hang Ma and Sven Koenig and Nora Ayanian and Liron Cohen and Wolfgang H\"{o}nig and T. K. Satish Kumar and Tansel Uras and Hong Xu and C. Tovey and G. Sharon},
 booktitle = {{IJCAI}-16 Workshop on Multi-Agent Path Finding},
 title = {Overview: Generalizations of Multi-Agent Path Finding to Real-World Scenarios},
 year = {2016}
}
@inproceedings{SternSoCS19,
  author    = {Roni Stern and Nathan R. Sturtevant and Ariel Felner and Sven Koenig and Hang Ma and Thayne T. Walker and Jiaoyang Li and Dor Atzmon and Liron Cohen and T. K. Satish Kumar and Roman Bart{\'{a}}k and Eli Boyarski},
  title     = {Multi-Agent Pathfinding: Definitions, Variants, and Benchmarks},
  booktitle = {Proceedings of the 12th International Symposium on Combinatorial Search (SoCS)},
  pages     = {151--159},
  year      = {2019}
}
@inproceedings{VaskovKLBWWJV19,
  author    = {Sean Vaskov and
               Shreyas Kousik and
               Hannah Larson and
               Fan Bu and
               James Robert Ward and
               Stewart Worrall and
               Matthew Johnson{-}Roberson and
               Ram Vasudevan},
  editor    = {Antonio Bicchi and
               Hadas Kress{-}Gazit and
               Seth Hutchinson},
  title     = {Towards Provably Not-At-Fault Control of Autonomous Robots in Arbitrary
               Dynamic Environments},
  booktitle = {Robotics: Science and Systems XV, University of Freiburg, Freiburg
               im Breisgau, Germany, June 22-26, 2019},
  year      = {2019},
  url       = {https://doi.org/10.15607/RSS.2019.XV.051},
  doi       = {10.15607/RSS.2019.XV.051},
  timestamp = {Wed, 18 Sep 2019 11:00:19 +0200},
  biburl    = {https://dblp.org/rec/conf/rss/VaskovKLBWWJV19.bib},
  bibsource = {dblp computer science bibliography, https://dblp.org}
}

@inproceedings{walker2020generalized,
  title={Generalized and Sub-Optimal Bipartite Constraints for Conflict-Based Search.},
  author={Walker, Thayne T and Sturtevant, Nathan R and Felner, Ariel},
  booktitle={AAAI},
  pages={7277--7284},
  year={2020}
}

@inproceedings{ma2019searching,
  title={Searching with consistent prioritization for multi-agent path finding},
  author={Ma, Hang and Harabor, Daniel and Stuckey, Peter J and Li, Jiaoyang and Koenig, Sven},
  booktitle={Proceedings of the AAAI Conference on Artificial Intelligence},
  volume={33},
  pages={7643--7650},
  year={2019}
}
@article{calisi2009performance,
  title={Performance evaluation of pure-motion tasks for mobile robots with respect to world models},
  author={Calisi, Daniele and Nardi, Daniele},
  journal={Autonomous Robots},
  volume={27},
  number={4},
  pages={465},
  year={2009},
  publisher={Springer}
}
@article{paden2016survey,
  title={A survey of motion planning and control techniques for self-driving urban vehicles},
  author={Paden, Brian and {\v{C}}{\'a}p, Michal and Yong, Sze Zheng and Yershov, Dmitry and Frazzoli, Emilio},
  journal={IEEE Transactions on intelligent vehicles},
  volume={1},
  number={1},
  pages={33--55},
  year={2016},
  publisher={IEEE}
}
@article{le2018cooperative,
  title={Cooperative, dynamics-based, and abstraction-guided multi-robot motion planning},
  author={Le, Duong and Plaku, Erion},
  journal={Journal of Artificial Intelligence Research},
  volume={63},
  pages={361--390},
  year={2018}
}
@article{honig2018trajectory,
  title={Trajectory planning for quadrotor swarms},
  author={H{\"o}nig, Wolfgang and Preiss, James A and Kumar, TK Satish and Sukhatme, Gaurav S and Ayanian, Nora},
  journal={IEEE Transactions on Robotics},
  volume={34},
  number={4},
  pages={856--869},
  year={2018},
  publisher={IEEE}
}
@inproceedings{fan2017d,
  title={D ry VR: data-driven verification and compositional reasoning for automotive systems},
  author={Fan, Chuchu and Qi, Bolun and Mitra, Sayan and Viswanathan, Mahesh},
  booktitle={International Conference on Computer Aided Verification},
  pages={441--461},
  year={2017},
  organization={Springer}
}
@inproceedings{chen2013flow,
  title={Flow*: An analyzer for non-linear hybrid systems},
  author={Chen, Xin and {\'A}brah{\'a}m, Erika and Sankaranarayanan, Sriram},
  booktitle={International Conference on Computer Aided Verification},
  pages={258--263},
  year={2013},
  organization={Springer}
}
@inproceedings{Althoff2018b,
	author = "Althoff, M. and Grebenyuk, D. and Kochdumper, N.", 
	title = "Implementation of Taylor Models in CORA 2018",
	pages = "145-173",
	booktitle = "Proc. of the 5th International Workshop on Applied Verification for Continuous and Hybrid Systems",
	year = "2018",
	doi = "10.29007/zzc7",
}

@article{russo2011symmetries,
  title={Symmetries, stability, and control in nonlinear systems and networks},
  author={Russo, Giovanni and Slotine, Jean-Jacques E},
  journal={Physical Review E},
  volume={84},
  number={4},
  pages={041929},
  year={2011},
  publisher={APS}
}

@inproceedings{singh2017robust,
  title={Robust online motion planning via contraction theory and convex optimization},
  author={Singh, Sumeet and Majumdar, Anirudha and Slotine, Jean-Jacques and Pavone, Marco},
  booktitle={2017 IEEE International Conference on Robotics and Automation (ICRA)},
  pages={5883--5890},
  year={2017},
  organization={IEEE}
}

@article{tsukamoto2020neural,
  title={Neural Contraction Metrics for Robust Estimation and Control: A Convex Optimization Approach},
  author={Tsukamoto, Hiroyasu and Chung, Soon-Jo},
  journal={arXiv preprint arXiv:2006.04361},
  year={2020}
}
@inproceedings{herbert2017fastrack,
  title={FaSTrack: A modular framework for fast and guaranteed safe motion planning},
  author={Herbert, Sylvia L and Chen, Mo and Han, SooJean and Bansal, Somil and Fisac, Jaime F and Tomlin, Claire J},
  booktitle={2017 IEEE 56th Annual Conference on Decision and Control (CDC)},
  pages={1517--1522},
  year={2017},
  organization={IEEE}
}
@article{vaskov2019towards,
  title={Towards provably not-at-fault control of autonomous robots in arbitrary dynamic environments},
  author={Vaskov, Sean and Kousik, Shreyas and Larson, Hannah and Bu, Fan and Ward, James and Worrall, Stewart and Johnson-Roberson, Matthew and Vasudevan, Ram},
  journal={arXiv preprint arXiv:1902.02851},
  year={2019}
}
@article{tedrake2009lqr,
  title={LQR-Trees: Feedback motion planning on sparse randomized trees},
  author={Tedrake, Russ},
  year={2009},
  publisher={MIT Press}
}
@article{majumdar2017funnel,
  title={Funnel libraries for real-time robust feedback motion planning},
  author={Majumdar, Anirudha and Tedrake, Russ},
  journal={The International Journal of Robotics Research},
  volume={36},
  number={8},
  pages={947--982},
  year={2017},
  publisher={Sage Publications Sage UK: London, England}
}
@inproceedings{wang2016safety,
  title={Safety barrier certificates for heterogeneous multi-robot systems},
  author={Wang, Li and Ames, Aaron and Egerstedt, Magnus},
  booktitle={2016 American Control Conference (ACC)},
  pages={5213--5218},
  year={2016},
  organization={IEEE}
}
@inproceedings{panagou2013multi,
  title={Multi-objective control for multi-agent systems using Lyapunov-like barrier functions},
  author={Panagou, Dimitra and Stipanovi{\v{c}}, Du{\v{s}}an M and Voulgaris, Petros G},
  booktitle={52nd IEEE Conference on Decision and Control},
  pages={1478--1483},
  year={2013},
  organization={IEEE}
}
@inproceedings{barry2012safety,
  title={Safety verification of reactive controllers for UAV flight in cluttered environments using barrier certificates},
  author={Barry, Andrew J and Majumdar, Anirudha and Tedrake, Russ},
  booktitle={2012 IEEE International Conference on Robotics and Automation},
  pages={484--490},
  year={2012},
  organization={IEEE}
}
@inproceedings{srinivasan2018control,
  title={Control of multi-agent systems with finite time control barrier certificates and temporal logic},
  author={Srinivasan, Mohit and Coogan, Samuel and Egerstedt, Magnus},
  booktitle={2018 IEEE Conference on Decision and Control (CDC)},
  pages={1991--1996},
  year={2018},
  organization={IEEE}
}
@inproceedings{agrawal2017discrete,
  title={Discrete Control Barrier Functions for Safety-Critical Control of Discrete Systems with Application to Bipedal Robot Navigation.},
  author={Agrawal, Ayush and Sreenath, Koushil},
  booktitle={Robotics: Science and Systems},
  year={2017}
}
@inproceedings{desai2019soter,
  title={SOTER: A Runtime Assurance Framework for Programming Safe Robotics Systems},
  author={Desai, Ankush and Ghosh, Shromona and Seshia, Sanjit A and Shankar, Natarajan and Tiwari, Ashish},
  booktitle={2019 49th Annual IEEE/IFIP International Conference on Dependable Systems and Networks (DSN)},
  pages={138--150},
  year={2019},
  organization={IEEE}
}
@inproceedings{Chu2020Multi-agent,
title={Multi-agent Reinforcement Learning for Networked System Control},
author={Tianshu Chu and Sandeep Chinchali and Sachin Katti},
booktitle={International Conference on Learning Representations},
year={2020},
url={https://openreview.net/forum?id=Syx7A3NFvH}
}
@article{semnani2020multi,
  title={Multi-Agent Motion Planning for Dense and Dynamic Environments via Deep Reinforcement Learning},
  author={Semnani, Samaneh Hosseini and Liu, Hugh and Everett, Michael and de Ruiter, Anton and How, Jonathan P},
  journal={IEEE Robotics and Automation Letters},
  volume={5},
  number={2},
  pages={3221--3226},
  year={2020},
  publisher={IEEE}
}
@inproceedings{jasour2019sequential,
  title={Sequential Chance Optimization For Flow-Tube Based Control Of Probabilistic Nonlinear Systems},
  author={Jasour, Ashkan M and Williams, Brian C},
  booktitle={2019 IEEE 58th Conference on Decision and Control (CDC)},
  pages={5392--5399},
  year={2019},
  organization={IEEE}
}
@article{abs-1811-09914,
  author    = {Aaron Huang and
               Benjamin J. Ayton and
               Brian C. Williams},
  title     = {{RADMPC:} {A} Fast Decentralized Approach for Chance-Constrained Multi-Vehicle
               Path-Planning},
  journal   = {CoRR},
  volume    = {abs/1811.09914},
  year      = {2018},
  url       = {http://arxiv.org/abs/1811.09914},
  archivePrefix = {arXiv},
  eprint    = {1811.09914},
  timestamp = {Fri, 30 Nov 2018 12:44:28 +0100},
  biburl    = {https://dblp.org/rec/journals/corr/abs-1811-09914.bib},
  bibsource = {dblp computer science bibliography, https://dblp.org}
}
@article{blackmore2011chance,
  title={Chance-constrained optimal path planning with obstacles},
  author={Blackmore, Lars and Ono, Masahiro and Williams, Brian C},
  journal={IEEE Transactions on Robotics},
  volume={27},
  number={6},
  pages={1080--1094},
  year={2011},
  publisher={IEEE}
}
@article{yu2013tube,
  title={Tube MPC scheme based on robust control invariant set with application to Lipschitz nonlinear systems},
  author={Yu, Shuyou and Maier, Christoph and Chen, Hong and Allg{\"o}wer, Frank},
  journal={Systems \& Control Letters},
  volume={62},
  number={2},
  pages={194--200},
  year={2013},
  publisher={Elsevier}
}
@article{fleming2014robust,
  title={Robust tube MPC for linear systems with multiplicative uncertainty},
  author={Fleming, James and Kouvaritakis, Basil and Cannon, Mark},
  journal={IEEE Transactions on Automatic Control},
  volume={60},
  number={4},
  pages={1087--1092},
  year={2014},
  publisher={IEEE}
}
@inproceedings{richards2004decentralized,
  title={A decentralized algorithm for robust constrained model predictive control},
  author={Richards, Arthur and How, Jonathan},
  booktitle={Proceedings of the 2004 American control conference},
  volume={5},
  pages={4261--4266},
  year={2004},
  organization={IEEE}
}
@inproceedings{wagner2017path,
  title={Path planning for multiple agents under uncertainty},
  author={Wagner, Glenn and Choset, Howie},
  booktitle={Twenty-Seventh International Conference on Automated Planning and Scheduling},
  year={2017}
}
@article{liu2020mapper,
  title={MAPPER: Multi-Agent Path Planning with Evolutionary Reinforcement Learning in Mixed Dynamic Environments},
  author={Liu, Zuxin and Chen, Baiming and Zhou, Hongyi and Koushik, Guru and Hebert, Martial and Zhao, Ding},
  journal={arXiv preprint arXiv:2007.15724},
  year={2020}
}
@misc{gurobi2020gurobi,
  title={Gurobi Optimizer Reference Manual},
  author={Gurobi Optimization, LLC},
  url={http://www. gurobi. com},
  version={9.0.1},
  year = {2020},
  month = {August},
  day = {30},
  date = {2020-8-30},
  note  = {Last accessed on 08/30/2020},
}