@inproceedings{bryce2015smt,
  title={SMT-Based Nonlinear PDDL+ Planning.},
  author={Bryce, Daniel and Gao, Sicun and Musliner, David J and Goldman, Robert P},
  booktitle={AAAI},
  pages={3247--3253},
  year={2015}
}
@article{cashmore2016compilation,
  title={A compilation of the full PDDL+ language into SMT},
  author={Cashmore, Michael and Fox, Maria and Long, Derek and Magazzeni, Daniele},
  year={2016},
  publisher={AAAI Press}
}
@inproceedings{kaelbling2011hierarchical,
  title={Hierarchical task and motion planning in the now},
  author={Kaelbling, Leslie Pack and Lozano-P{\'e}rez, Tom{\'a}s},
  booktitle={2011 IEEE International Conference on Robotics and Automation},
  pages={1470--1477},
  year={2011},
  organization={IEEE}
}
@article{cimatti2000nusmv,
  title={NuSMV: a new symbolic model checker},
  author={Cimatti, Alessandro and Clarke, Edmund and Giunchiglia, Fausto and Roveri, Marco},
  journal={International Journal on Software Tools for Technology Transfer},
  volume={2},
  number={4},
  pages={410--425},
  year={2000},
  publisher={Springer}
}
@inproceedings{hofmann2006robust,
  title={Robust Execution of Temporally Flexible Plans for Bipedal Walking Devices.},
  author={Hofmann, Andreas G and Williams, Brian Charles},
  booktitle={ICAPS},
  pages={386--389},
  year={2006}
}
@article{gurobi2020gurobi,
  title={Gurobi optimizer reference manual},
  author={Gurobi Optimization, Incorporate},
  journal={URL http://www. gurobi. com},
  year={2020}
}
@article{henzinger1998s,
  title={What's decidable about hybrid automata?},
  author={Henzinger, Thomas A and Kopke, Peter W and Puri, Anuj and Varaiya, Pravin},
  journal={Journal of computer and system sciences},
  volume={57},
  number={1},
  pages={94--124},
  year={1998},
  publisher={Elsevier}
}
@inproceedings{illanes2017numeric,
  title={Numeric Planning via Abstraction and Policy Guided Search.},
  author={Illanes, Le{\'o}n and McIlraith, Sheila A},
  booktitle={IJCAI},
  pages={4338--4345},
  year={2017}
}
@inproceedings{savacs2016planning,
  title={Planning using actions with control parameters},
  author={Sava{\c{s}}, Emre and Fox, Maria and Long, Derek and Magazzeni, Daniele},
  booktitle={Proceedings of the Twenty-second European Conference on Artificial Intelligence},
  pages={1185--1193},
  year={2016},
  organization={IOS Press}
}
@inproceedings{bogomolov2013abstraction,
  title={Abstraction-based guided search for hybrid systems},
  author={Bogomolov, Sergiy and Donz{\'e}, Alexandre and Frehse, Goran and Grosu, Radu and Johnson, Taylor T and Ladan, Hamed and Podelski, Andreas and Wehrle, Martin},
  booktitle={International SPIN Workshop on Model Checking of Software},
  pages={117--134},
  year={2013},
  organization={Springer}
}
@inproceedings{bogomolov2012box,
  title={A box-based distance between regions for guiding the reachability analysis of SpaceEx},
  author={Bogomolov, Sergiy and Frehse, Goran and Grosu, Radu and Ladan, Ha@inproceedings{hofmann2006robust,
  title={Robust Execution of Temporally Flexible Plans for Bipedal Walking Devices.},
  author={Hofmann, Andreas G and Williams, Brian Charles},
  booktitle={ICAPS},
  pages={386--389},
  year={2006}
}med and Podelski, Andreas and Wehrle, Martin},
  booktitle={International Conference on Computer Aided Verification},
  pages={479--494},
  year={2012},
  organization={Springer}
}
@inproceedings{sievers2012efficient,
  title={Efficient Implementation of Pattern Database Heuristics for Classical Planning.},
  author={Sievers, Silvan and Ortlieb, Manuela and Helmert, Malte},
  booktitle={SOCS},
  year={2012}
}
@inproceedings{edelkamp2002symbolic,
  title={Symbolic Pattern Databases in Heuristic Search Planning.},
  author={Edelkamp, Stefan},
  booktitle={AIPS},
  pages={274--283},
  year={2002}
}
@article{coles2013hybrid,
  title={A hybrid LP-RPG heuristic for modelling numeric resource flows in planning},
  author={Coles, Amanda and Fox, M and Long, D},
  journal={Journal of Artificial Intelligence Research},
  volume={46},
  pages={343--412},
  year={2013}
}
@article{fox2003pddl2,
  title={PDDL2. 1: An extension to PDDL for expressing temporal planning domains},
  author={Fox, Maria and Long, Derek},
  journal={Journal of artificial intelligence research},
  volume={20},
  pages={61--124},
  year={2003}
}
@article{culberson1998pattern,
  title={Pattern databases},
  author={Culberson, Joseph C and Schaeffer, Jonathan},
  journal={Computational Intelligence},
  volume={14},
  number={3},
  pages={318--334},
  year={1998},
  publisher={Wiley Online Library}
}
@article{helmert2006fast,
  title={The fast downward planning system},
  author={Helmert, Malte},
  journal={Journal of Artificial Intelligence Research},
  volume={26},
  pages={191--246},
  year={2006}
}
@article{hoffmann2001ff,
  title={The FF planning system: Fast plan generation through heuristic search},
  author={Hoffmann, J{\"o}rg and Nebel, Bernhard},
  journal={Journal of Artificial Intelligence Research},
  volume={14},
  pages={253--302},
  year={2001}
}
@inproceedings{haslum2007domain,
  title={Domain-independent construction of pattern database heuristics for cost-optimal planning},
  author={Haslum, Patrik and Botea, Adi and Helmert, Malte and Bonet, Blai and Koenig, Sven and others},
  booktitle={AAAI},
  volume={7},
  pages={1007--1012},
  year={2007}
}
@article{fernandez2018scottyactivity,
  title={Scottyactivity: Mixed discrete-continuous planning with convex optimization},
  author={Fern{\'a}ndez-Gonz{\'a}lez, Enrique and Williams, Brian and Karpas, Erez},
  journal={Journal of Artificial Intelligence Research},
  volume={62},
  pages={579--664},
  year={2018}
}
@inproceedings{frehse2011spaceex,
  title={SpaceEx: Scalable verification of hybrid systems},
  author={Frehse, Goran and Le Guernic, Colas and Donz{\'e}, Alexandre and Cotton, Scott and Ray, Rajarshi and Lebeltel, Olivier and Ripado, Rodolfo and Girard, Antoine and Dang, Thao and Maler, Oded},
  booktitle={International Conference on Computer Aided Verification},
  pages={379--395},
  year={2011},
  organization={Springer}
}
@inproceedings{bonet1997robust,
  title={A robust and fast action selection mechanism for planning},
  author={Bonet, Blai and Loerincs, G{\'a}bor and Geffner, H{\'e}ctor},
  booktitle={AAAI/IAAI},
  pages={714--719},
  year={1997}
}
@inproceedings{helmert2008unifying,
  title={Unifying the Causal Graph and Additive Heuristics.},
  author={Helmert, Malte and Geffner, H{\'e}ctor},
  booktitle={ICAPS},
  pages={140--147},
  year={2008}
}
@inproceedings{scala2017landmarks,
  title={Landmarks for Numeric Planning Problems.},
  author={Scala, Enrico and Haslum, Patrik and Magazzeni, Daniele and Thi{\'e}baux, Sylvie},
  booktitle={IJCAI},
  pages={4384--4390},
  year={2017}
}
@inproceedings{piacentini2018linear,
  title={Linear and integer programming-based heuristics for cost-optimal numeric planning},
  author={Piacentini, Chiara and Castro, Margarita P and Cire, Andre A and Beck, J Christopher},
  booktitle={Thirty-Second AAAI Conference on Artificial Intelligence},
  year={2018}
}
@article{scala2016heuristics,
  title={Heuristics for numeric planning via subgoaling},
  author={Scala, Enrico and Haslum, Patrik and Thi{\'e}baux, Sylvie and others},
  year={2016},
  publisher={AAAI Press}
}
@inproceedings{helmert2002decidability,
  title={Decidability and Undecidability Results for Planning with Numerical State Variables.},
  author={Helmert, Malte},
  booktitle={AIPS},
  pages={44--53},
  year={2002}
}
@inproceedings{haslum2005new,
  title={New admissible heuristics for domain-independent planning},
  author={Haslum, Patrik and Bonet, Blai and Geffner, H{\'e}ctor and others},
  booktitle={AAAI},
  volume={5},
  pages={9--13},
  year={2005}
}
@inproceedings{helmert2004planning,
  title={A Planning Heuristic Based on Causal Graph Analysis.},
  author={Helmert, Malte},
  booktitle={ICAPS},
  volume={4},
  pages={161--170},
  year={2004}
}
@inproceedings{li2018effect,
  title={Effect-Abstraction Based Relaxation for Linear Numeric Planning.},
  author={Li, Dongxu and Scala, Enrico and Haslum, Patrik and Bogomolov, Sergiy},
  booktitle={IJCAI},
  pages={4787--4793},
  year={2018}
}
@inproceedings{piotrowski2017pddl+,
  title={PDDL+ Planning with Temporal Pattern Databases},
  author={Piotrowski, Wiktor Mateusz and Fox, Maria and Long, Derek and Magazzeni, Daniele and Mercorio, Fabio},
  booktitle={Workshops at the Thirty-First AAAI Conference on Artificial Intelligence},
  year={2017}
}
@article{bogomolov2015abstraction,
  title={Abstraction-based Analysis of Hybrid Automata},
  author={Bogomolov, Sergiy},
  year={2015}
}
@inproceedings{anderson2007partial,
  title={Partial pattern databases},
  author={Anderson, Kenneth and Holte, Robert and Schaeffer, Jonathan},
  booktitle={International Symposium on Abstraction, Reformulation, and Approximation},
  pages={20--34},
  year={2007},
  organization={Springer}
}
@article{drager2009directed,
  title={Directed model checking with distance-preserving abstractions},
  author={Dr{\"a}ger, Klaus and Finkbeiner, Bernd and Podelski, Andreas},
  journal={International Journal on Software Tools for Technology Transfer},
  volume={11},
  number={1},
  pages={27--37},
  year={2009},
  publisher={Springer}
}
@article{fan2019understanding,
  title={Understanding and Improving Merge-and-Shrink Abstraction for Cost Optimal Planning},
  author={Fan, Gaojian},
  year={2019}
}
@article{coles2012colin,
  title={COLIN: Planning with continuous linear numeric change},
  author={Coles, Amanda Jane and Coles, Andrew I and Fox, Maria and Long, Derek},
  journal={Journal of Artificial Intelligence Research},
  volume={44},
  pages={1--96},
  year={2012}
}
@article{hoffmann2003metric,
  title={The Metric-FF Planning System: Translating``Ignoring Delete Lists''to Numeric State Variables},
  author={Hoffmann, J{\"o}rg},
  journal={Journal of artificial intelligence research},
  volume={20},
  pages={291--341},
  year={2003}
}
@inproceedings{wang2009viewing,
  title={Viewing landmarks as temporally extended goals},
  author={Wang, Letao and Baier, Jorge and McIlraith, Sheila},
  booktitle={ICAPS 2009 Workshop on Heuristics for Domain-Independent Planning},
  pages={49--56},
  year={2009}
}
@inproceedings{baier2006planning,
  title={Planning with first-order temporally extended goals using heuristic search},
  author={Baier, Jorge A and McIlraith, Sheila A},
  booktitle={Proceedings of the National Conference on Artificial Intelligence},
  volume={21},
  number={1},
  pages={788},
  year={2006},
  organization={Menlo Park, CA; Cambridge, MA; London; AAAI Press; MIT Press; 1999}
}
@inproceedings{nguyen2001reviving,
  title={Reviving partial order planning},
  author={Nguyen, XuanLong and Kambhampati, Subbarao}
}
@inproceedings{steinmetz2017critical,
  title={Critical-Path Dead-End Detection versus NoGoods: Offline Equivalence and Online Learning},
  author={Steinmetz, Marcel and Hoffmann, J{\"o}rg},
  booktitle={Twenty-Seventh International Conference on Automated Planning and Scheduling},
  year={2017}
}
@inproceedings{ephrati1994divide,
  title={Divide and conquer in multi-agent planning},
  author={Ephrati, Eithan}
}
@article{ephrati1997heuristic,
  title={A heuristic technique for multi-agent planning},
  author={Ephrati, Eithan and Rosenschein, Jeffrey S},
  journal={Annals of Mathematics and Artificial Intelligence},
  volume={20},
  number={1-4},
  pages={13--67},
  year={1997},
  publisher={Springer}
}
@inproceedings{fabre2010cost,
  title={Cost-optimal factored planning: Promises and pitfalls},
  author={Fabre, Eric and Jezequel, Lo{\"\i}g and Haslum, Patrik and Thi{\'e}baux, Sylvie},
  booktitle={Twentieth International Conference on Automated Planning and Scheduling},
  year={2010}
}
@inproceedings{wehrle2014efficient,
  title={Efficient stubborn sets: Generalized algorithms and selection strategies},
  author={Wehrle, Martin and Helmert, Malte},
  booktitle={Twenty-Fourth International Conference on Automated Planning and Scheduling},
  year={2014}
}
@article{nissim2014distributed,
  title={Distributed heuristic forward search for multi-agent planning},
  author={Nissim, Raz and Brafman, Ronen},
  journal={Journal of Artificial Intelligence Research},
  volume={51},
  pages={293--332},
  year={2014}
}
@inproceedings{chen2009completeness,
  title={Completeness and optimality preserving reduction for planning},
  author={Chen, Yixin and Yao, Guohui},
  booktitle={Twenty-First International Joint Conference on Artificial Intelligence},
  year={2009}
}
@phdthesis{chen2019fast,
  title={Fast execution of temporal plans with mixed discrete-continuous state constraints},
  author={Chen, Jingkai and others},
  year={2019},
  school={Massachusetts Institute of Technology}
}
@inproceedings{iwasaki1995modeling,
  title={Modeling Time in Hybrid Systems: How Fast Is" Instantaneous"?},
  author={Iwasaki, Yumi and Farquhar, Adam and Saraswat, Vijay and Bobrow, Daniel and Gupta, Vineet},
  booktitle={IJCAI},
  pages={1773--1781},
  year={1995}
}
@inproceedings{brafman2008one,
  title={From One to Many: Planning for Loosely Coupled Multi-Agent Systems.},
  author={Brafman, Ronen I and Domshlak, Carmel},
  year={2008}
}
@article{forbus1984qualitative,
  title={Qualitative process theory},
  author={Forbus, Kenneth D},
  journal={Artificial intelligence},
  volume={24},
  number={1-3},
  pages={85--168},
  year={1984},
  publisher={Elsevier}
}
@article{de1984qualitative,
  title={A qualitative physics based on confluences},
  author={De Kleer, Johan and Brown, John Seely},
  journal={Artificial intelligence},
  volume={24},
  number={1-3},
  pages={7--83},
  year={1984},
  publisher={Elsevier}
}
@article{majumdar2017funnel,
  title={Funnel libraries for real-time robust feedback motion planning},
  author={Majumdar, Anirudha and Tedrake, Russ},
  journal={The International Journal of Robotics Research},
  volume={36},
  number={8},
  pages={947--982},
  year={2017},
  publisher={Sage Publications Sage UK: London, England}
}
@article{frazzoli2005maneuver,
  title={Maneuver-based motion planning for nonlinear systems with symmetries},
  author={Frazzoli, Emilio and Dahleh, Munther A and Feron, Eric},
  journal={IEEE transactions on robotics},
  volume={21},
  number={6},
  pages={1077--1091},
  year={2005},
  publisher={IEEE}
}
@inproceedings{wehrle2009causal,
  title={The causal graph revisited for directed model checking},
  author={Wehrle, Martin and Helmert, Malte},
  booktitle={International Static Analysis Symposium},
  pages={86--101},
  year={2009},
  organization={Springer}
}
@book{milner1989communication,
  title={Communication and concurrency},
  author={Milner, Robin},
  year = {1989},
  volume={84}
}
@inproceedings{prabhakar2011dynamic,
  title={A dynamic algorithm for approximate flow computations},
  author={Prabhakar, Pavithra and Viswanathan, Mahesh},
  booktitle={Proceedings of the 14th international conference on Hybrid systems: computation and control},
  pages={133--142},
  year={2011},
  organization={ACM}
}
@inproceedings{kurzhanski2000ellipsoidal,
  title={Ellipsoidal techniques for reachability analysis},
  author={Kurzhanski, Alexander B and Varaiya, Pravin},
  booktitle={International Workshop on Hybrid Systems: Computation and Control},
  pages={202--214},
  year={2000},
  organization={Springer}
}
@inproceedings{eyerich2009using,
  title={Using the context-enhanced additive heuristic for temporal and numeric planning},
  author={Eyerich, Patrick and Mattm{\"u}ller, Robert and R{\"o}ger, Gabriele},
  booktitle={Nineteenth International Conference on Automated Planning and Scheduling},
  year={2009}
}
@inproceedings{williams1997reactive,
  title={A reactive planner for a model-based executive},
  author={Williams, Brian C and Nayak, P Pandurang},
  booktitle={IJCAI},
  volume={97},
  pages={1178--1185},
  year={1997},
  organization={Citeseer}
}
@incollection{deits2015computing,
  title={Computing large convex regions of obstacle-free space through semidefinite programming},
  author={Deits, Robin and Tedrake, Russ},
  booktitle={Algorithmic foundations of robotics XI},
  pages={109--124},
  year={2015},
  publisher={Springer}
}
@inproceedings{denenberg2019mixed,
  title={Mixed Discrete Continuous Non-Linear Planning through Piecewise Linear Approximation},
  author={Denenberg, Elad and Coles, Amanda},
  booktitle={Proceedings of the International Conference on Automated Planning and Scheduling},
  volume={29},
  number={1},
  pages={137--145},
  year={2019}
}
@article{fox2006modelling,
  title={Modelling mixed discrete-continuous domains for planning},
  author={Fox, Maria and Long, Derek},
  journal={Journal of Artificial Intelligence Research},
  volume={27},
  pages={235--297},
  year={2006}
}
@article{shin2005processes,
  title={Processes and continuous change in a SAT-based planner},
  author={Shin, Ji-Ae and Davis, Ernest},
  journal={Artificial Intelligence},
  volume={166},
  number={1-2},
  pages={194--253},
  year={2005},
  publisher={Elsevier}
}
@article{della2012universal,
  title={A universal planning system for hybrid domains},
  author={Della Penna, Giuseppe and Magazzeni, Daniele and Mercorio, Fabio},
  journal={Applied intelligence},
  volume={36},
  number={4},
  pages={932--959},
  year={2012},
  publisher={Springer}
}
@inproceedings{piotrowski2016heuristic,
  title={Heuristic planning for PDDL+ domains},
  author={Piotrowski, Wiktor Mateusz and Fox, Maria and Long, Derek and Magazzeni, Daniele and Mercorio, Fabio},
  booktitle={Workshops at the Thirtieth AAAI Conference on Artificial Intelligence},
  year={2016}
}


@inproceedings{bryce2016happening,
  title={A happening-based encoding for nonlinear pddl+ planning},
  author={Bryce, Daniel},
  booktitle={Workshops at the Thirtieth AAAI Conference on Artificial Intelligence},
  year={2016}
}


@inproceedings{bit2019cyber,
  title={Cyber-Physical Planning: Deliberation for Hybrid Systems with a Continuous Numeric State},
  author={Bit-Monnot, Arthur and Pulina, Luca and Tacchella, Armando},
  booktitle={Proceedings of the International Conference on Automated Planning and Scheduling},
  volume={29},
  number={1},
  pages={49--57},
  year={2019}
}
@inproceedings{fox2002pddl+,
  title={PDDL+: Modeling continuous time dependent effects},
  author={Fox, Maria and Long, Derek},
  booktitle={Proceedings of the 3rd International NASA Workshop on Planning and Scheduling for Space},
  volume={4},
  pages={34},
  year={2002}
}
@inproceedings{cushing2007temporal,
  title={When is temporal planning really temporal?},
  author={Cushing, William and Kambhampati, Subbarao and Weld, Daniel S and others},
  booktitle={Proceedings of the 20th international joint conference on Artifical intelligence},
  pages={1852--1859},
  year={2007},
  organization={Morgan Kaufmann Publishers Inc.}
}
@inproceedings{bogomolov2014planning,
  title={Planning as model checking in hybrid domains},
  author={Bogomolov, Sergiy and Magazzeni, Daniele and Podelski, Andreas and Wehrle, Martin},
  booktitle={Twenty-Eighth AAAI Conference on Artificial Intelligence},
  year={2014}
}
@inproceedings{bogomolov2015pddl+,
  title={PDDL+ planning with hybrid automata: Foundations of translating must behavior},
  author={Bogomolov, Sergiy and Magazzeni, Daniele and Minopoli, Stefano and Wehrle, Martin},
  booktitle={Twenty-Fifth International Conference on Automated Planning and Scheduling},
  year={2015}
}
@article{krishna2015hybrid,
  title={Hybrid automata for formal modeling and verification of cyber-physical systems},
  author={Krishna, Shankara Narayanan and Trivedi, Ashutosh},
  journal={arXiv preprint arXiv:1503.04928},
  year={2015}
}
@inproceedings{jha2007reachability,
  title={Reachability for linear hybrid automata using iterative relaxation abstraction},
  author={Jha, Sumit K and Krogh, Bruce H and Weimer, James E and Clarke, Edmund M},
  booktitle={International Workshop on Hybrid Systems: Computation and Control},
  pages={287--300},
  year={2007},
  organization={Springer}
}
@article{frehse2008phaver,
  title={PHAVer: algorithmic verification of hybrid systems past HyTech},
  author={Frehse, Goran},
  journal={International Journal on Software Tools for Technology Transfer},
  volume={10},
  number={3},
  pages={263--279},
  year={2008},
  publisher={Springer}
}
@inproceedings{lynch1995hybrid,
  title={Hybrid i/o automata},
  author={Lynch, Nancy and Segala, Roberto and Vaandrager, Frits and Weinberg, Henri B},
  booktitle={International Hybrid Systems Workshop},
  pages={496--510},
  year={1995},
  organization={Springer}
}
@inproceedings{li2008generative,
  title={Generative Planning for Hybrid Systems Based on Flow Tubes.},
  author={Li, Hui X and Williams, Brian C},
  booktitle={ICAPS},
  pages={206--213},
  year={2008}
}
@inproceedings{chutinan1999verification,
  title={Verification of polyhedral-invariant hybrid automata using polygonal flow pipe approximations},
  author={Chutinan, Alongkrit and Krogh, Bruce H},
  booktitle={International workshop on hybrid systems: computation and control},
  pages={76--90},
  year={1999},
  organization={Springer}
}
@inproceedings{fernandez2017mixed,
  title={Mixed discrete-continuous planning with convex optimization},
  author={Fernandez-Gonzalez, Enrique and Karpas, Erez and Williams, Brian},
  booktitle={Thirty-First AAAI Conference on Artificial Intelligence},
  year={2017}
}
@inproceedings{wang2015tburton,
  title={tburton: A divide and conquer temporal planner},
  author={Wang, David and Williams, Brian},
  booktitle={Twenty-Ninth AAAI Conference on Artificial Intelligence},
  year={2015}
}
@article{chen2019efficiently,
  title={Efficiently Exploring Ordering Problems through Conflict-directed Search},
  author={Chen, Jingkai and Fang, Cheng and Wang, David and Wang, Andrew and Williams, Brian},
  journal={arXiv preprint arXiv:1904.07366},
  year={2019}
}
@incollection{henzinger2000theory,
  title={The theory of hybrid automata},
  author={Henzinger, Thomas A},
  booktitle={Verification of digital and hybrid systems},
  pages={265--292},
  year={2000},
  publisher={Springer}
}
@incollection{alur1992hybrid,
  title={Hybrid automata: An algorithmic approach to the specification and verification of hybrid systems},
  author={Alur, Rajeev and Courcoubetis, Costas and Henzinger, Thomas A and Ho, Pei-Hsin},
  booktitle={Hybrid systems},
  pages={209--229},
  year={1992},
  publisher={Springer}
}
@inproceedings{FanMMV:CAV2018,
author = {Chuchu Fan and Umang Mathur and Sayan Mitra and Mahesh Viswanathan},
title = {Controller Synthesis Made Real: Reachavoid Specifications and Linear Dynamics},
booktitle = {Computer Aided Verification},
pages = {347–366},
year = {2018},
publisher = {Springer International Publishing},
doi = {10.1007/978-3-319-96145-3\_19}
}

@inproceedings{rungger2016scots,
  title={SCOTS: A tool for the synthesis of symbolic controllers},
  author={Rungger, Matthias and Zamani, Majid},
  booktitle={Proceedings of the 19th international conference on hybrid systems: Computation and control},
  pages={99--104},
  year={2016}
}
@inproceedings{wongpiromsarn2011tulip,
  title={TuLiP: a software toolbox for receding horizon temporal logic planning},
  author={Wongpiromsarn, Tichakorn and Topcu, Ufuk and Ozay, Necmiye and Xu, Huan and Murray, Richard M},
  booktitle={Proceedings of the 14th international conference on Hybrid systems: computation and control},
  pages={313--314},
  year={2011}
}
@inproceedings{filippidis2016control,
  title={Control design for hybrid systems with TuLiP: The temporal logic planning toolbox},
  author={Filippidis, Ioannis and Dathathri, Sumanth and Livingston, Scott C and Ozay, Necmiye and Murray, Richard M},
  booktitle={2016 IEEE Conference on Control Applications (CCA)},
  pages={1030--1041},
  year={2016},
  organization={IEEE}
}
@inproceedings{vidal2001decidable,
  title={Decidable and semi-decidable controller synthesis for classes of discrete time hybrid systems},
  author={Vidal, Ren{\'e} and Schaffert, Shawn and Shakernia, Omid and Lygeros, John and Sastry, Shankar},
  booktitle={Proceedings of the 40th IEEE Conference on Decision and Control (Cat. No. 01CH37228)},
  volume={2},
  pages={1243--1248},
  year={2001},
  organization={IEEE}
}
@inproceedings{lahijanian2014sampling,
  title={A sampling-based strategy planner for nondeterministic hybrid systems},
  author={Lahijanian, Morteza and Kavraki, Lydia E and Vardi, Moshe Y},
  booktitle={2014 IEEE International Conference on Robotics and Automation (ICRA)},
  pages={3005--3012},
  year={2014},
  organization={IEEE}
}
@article{plaku2013falsification,
  title={Falsification of LTL safety properties in hybrid systems},
  author={Plaku, Erion and Kavraki, Lydia E and Vardi, Moshe Y},
  journal={International Journal on Software Tools for Technology Transfer},
  volume={15},
  number={4},
  pages={305--320},
  year={2013},
  publisher={Springer}
}
@article{laurenti2020formal,
  title={Formal and efficient synthesis for continuous-time linear stochastic hybrid processes},
  author={Laurenti, Luca and Lahijanian, Morteza and Abate, Alessandro and Cardelli, Luca and Kwiatkowska, Marta},
  journal={IEEE Transactions on Automatic Control},
  year={2020},
  publisher={IEEE}
}
@article{hofmann2017temporally,
  title={Temporally and spatially flexible plan execution for dynamic hybrid systems},
  author={Hofmann, Andreas G and Williams, Brian C},
  journal={Artificial Intelligence},
  volume={247},
  pages={266--294},
  year={2017},
  publisher={Elsevier}
}
@incollection{maler2004monitoring,
  title={Monitoring temporal properties of continuous signals},
  author={Maler, Oded and Nickovic, Dejan},
  booktitle={Formal Techniques, Modelling and Analysis of Timed and Fault-Tolerant Systems},
  pages={152--166},
  year={2004},
  publisher={Springer}
}
@inproceedings{fan2018controller,
  title={Controller synthesis made real: reach-avoid specifications and linear dynamics},
  author={Fan, Chuchu and Mathur, Umang and Mitra, Sayan and Viswanathan, Mahesh},
  booktitle={International Conference on Computer Aided Verification},
  pages={347--366},
  year={2018},
  organization={Springer}
}

@inproceedings{kanayama1990stable,
  title={A stable tracking control method for an autonomous mobile robot},
  author={Kanayama, Yutaka and Kimura, Yoshihiko and Miyazaki, Fumio and Noguchi, Tetsuo},
  booktitle={Proceedings., IEEE International Conference on Robotics and Automation},
  pages={384--389},
  year={1990},
  organization={IEEE}
}



@article{opencv_library,
    author = {Bradski, G.},
    citeulike-article-id = {2236121},
    journal = {Dr. Dobb's Journal of Software Tools},
    keywords = {bibtex-import},
    posted-at = {2008-01-15 19:21:54},
    priority = {4},
    title = {{The OpenCV Library}},
    year = {2000}
}

@inproceedings{nakamura1992nonlinear,
  title={Nonlinear tracking control of autonomous underwater vehicles},
  author={Nakamura, Yoshihiko and Savant, Shrikant},
  booktitle={Proceedings 1992 IEEE International Conference on Robotics and Automation},
  pages={A4--A9},
  year={1992},
  organization={IEEE}
}

@article{paden2016survey,
  title={A survey of motion planning and control techniques for self-driving urban vehicles},
  author={Paden, Brian and {\v{C}}{\'a}p, Michal and Yong, Sze Zheng and Yershov, Dmitry and Frazzoli, Emilio},
  journal={IEEE Transactions on intelligent vehicles},
  volume={1},
  number={1},
  pages={33--55},
  year={2016},
  publisher={IEEE}
}

@article{abdulhamid2018design,
	title={On the Design of Maze Wanderer Robot},
	author={Abdulhamid, Mohanad and Maritim, Kibet},
	journal={Technological Engineering},
	volume={15},
	number={2},
	pages={11--14},
	year={2018},
	publisher={Sciendo}
}

@inproceedings{dutertre2014yices,
	title={Yices 2.2},
	author={Dutertre, Bruno},
	booktitle={International Conference on Computer Aided Verification},
	pages={737--744},
	year={2014},
	organization={Springer}
}

@misc{1808.10703,
	Author = {Atsushi Sakai and Daniel Ingram and Joseph Dinius and Karan Chawla and Antonin Raffin and Alexis Paques},
	Title = {PythonRobotics: a Python code collection of robotics algorithms},
	Year = {2018},
	Eprint = {arXiv:1808.10703},
}

@article{lavalle1998rapidly,
	title={Rapidly-exploring random trees: A new tool for path planning},
	author={LaValle, Steven M},
	year={1998},
	publisher={Citeseer}
}

@misc{ benchmark_env,
	author = {Parasol MP Group, CSE Dept, Texas A\&M University},
	title = {Algorithms \& Applications Group
	Benchmarks }}

@book{o1998computational,
	title={Computational geometry in C},
	author={o'Rourke, Joseph},
	year={1998},
	publisher={Cambridge university press}
}

@article{zamani2011symbolic,
	title={Symbolic models for nonlinear control systems without stability assumptions},
	author={Zamani, Majid and Pola, Giordano and Mazo, Manuel and Tabuada, Paulo},
	journal={IEEE Transactions on Automatic Control},
	volume={57},
	number={7},
	pages={1804--1809},
	year={2011},
	publisher={IEEE}
}

@article{reissig2016feedback,
	title={Feedback refinement relations for the synthesis of symbolic controllers},
	author={Reissig, Gunther and Weber, Alexander and Rungger, Matthias},
	journal={IEEE Transactions on Automatic Control},
	volume={62},
	number={4},
	pages={1781--1796},
	year={2016},
	publisher={IEEE}
}

@book{khalil2002nonlinear,
  title={Nonlinear systems},
  author={Khalil, Hassan K and Grizzle, Jessy W},
  volume={3},
  year={2002},
  publisher={Prentice hall Upper Saddle River, NJ}
}

@article{blavzivc2011novel,
  title={A novel trajectory-tracking control law for wheeled mobile robots},
  author={Bla{\v{z}}i{\v{c}}, Sa{\v{s}}o},
  journal={Robotics and Autonomous Systems},
  volume={59},
  number={11},
  pages={1001--1007},
  year={2011},
  publisher={Elsevier}
}

@inproceedings{herbert2017fastrack,
  title={{FaSTrack}: {A} modular framework for fast and guaranteed safe motion planning},
  author={Herbert, Sylvia L and Chen, Mo and Han, SooJean and Bansal, Somil and Fisac, Jaime F and Tomlin, Claire J},
  booktitle={2017 IEEE 56th Annual Conference on Decision and Control (CDC)},
  pages={1517--1522},
  year={2017},
  organization={IEEE}
}

@inproceedings{ames2019control,
  title={Control barrier functions: Theory and applications},
  author={Ames, Aaron D and Coogan, Samuel and Egerstedt, Magnus and Notomista, Gennaro and Sreenath, Koushil and Tabuada, Paulo},
  booktitle={2019 18th European Control Conference (ECC)},
  pages={3420--3431},
  year={2019},
  organization={IEEE}
}

@article{vaskov2019towards,
  title={Towards provably not-at-fault control of autonomous robots in arbitrary dynamic environments},
  author={Vaskov, Sean and Kousik, Shreyas and Larson, Hannah and Bu, Fan and Ward, James and Worrall, Stewart and Johnson-Roberson, Matthew and Vasudevan, Ram},
  journal={arXiv preprint arXiv:1902.02851},
  year={2019}
}

@article{tedrake2009lqr,
  title={LQR-Trees: Feedback motion planning on sparse randomized trees},
  author={Tedrake, Russ},
  year={2009},
  publisher={MIT Press}
}

@article{majumdar2017funnel,
  title={Funnel libraries for real-time robust feedback motion planning},
  author={Majumdar, Anirudha and Tedrake, Russ},
  journal={The International Journal of Robotics Research},
  volume={36},
  number={8},
  pages={947--982},
  year={2017},
  publisher={Sage Publications Sage UK: London, England}
}

@book{aastrom2010feedback,
  title={Feedback systems: an introduction for scientists and engineers},
  author={{\AA}str{\"o}m, Karl Johan and Murray, Richard M},
  year={2010},
  publisher={Princeton university press}
}

@book{ogata2010modern,
  title={Modern control engineering},
  author={Ogata, Katsuhiko and Yang, Yanjuan},
  volume={5},
  year={2010},
  publisher={Prentice hall Upper Saddle River, NJ}
}

@inproceedings{kuffner2005motion,
  title={Motion planning for humanoid robots},
  author={Kuffner, James and Nishiwaki, Koichi and Kagami, Satoshi and Inaba, Masayuki and Inoue, Hirochika},
  booktitle={Robotics Research. The Eleventh International Symposium},
  pages={365--374},
  year={2005},
  organization={Springer}
}

@article{gonzalez2015review,
  title={A review of motion planning techniques for automated vehicles},
  author={Gonz{\'a}lez, David and P{\'e}rez, Joshu{\'e} and Milan{\'e}s, Vicente and Nashashibi, Fawzi},
  journal={IEEE Transactions on Intelligent Transportation Systems},
  volume={17},
  number={4},
  pages={1135--1145},
  year={2015},
  publisher={IEEE}
}

@article{falcone2007predictive,
  title={Predictive active steering control for autonomous vehicle systems},
  author={Falcone, Paolo and Borrelli, Francesco and Asgari, Jahan and Tseng, Hongtei Eric and Hrovat, Davor},
  journal={IEEE Transactions on control systems technology},
  volume={15},
  number={3},
  pages={566--580},
  year={2007},
  publisher={IEEE}
}

@article{faulwasser2016implementation,
  title={Implementation of nonlinear model predictive path-following control for an industrial robot},
  author={Faulwasser, Timm and Weber, Tobias and Zometa, Pablo and Findeisen, Rolf},
  journal={IEEE Transactions on Control Systems Technology},
  volume={25},
  number={4},
  pages={1505--1511},
  year={2016},
  publisher={IEEE}
}

@inproceedings{mazo2010pessoa,
	title={Pessoa: A tool for embedded controller synthesis},
	author={Mazo, Manuel and Davitian, Anna and Tabuada, Paulo},
	booktitle={International Conference on Computer Aided Verification},
	pages={566--569},
	year={2010},
	organization={Springer}
}

@article{richter2011computational,
  title={Computational complexity certification for real-time MPC with input constraints based on the fast gradient method},
  author={Richter, Stefan and Jones, Colin Neil and Morari, Manfred},
  journal={IEEE Transactions on Automatic Control},
  volume={57},
  number={6},
  pages={1391--1403},
  year={2011},
  publisher={IEEE}
}


@inproceedings{singh2017robust,
  title={Robust online motion planning via contraction theory and convex optimization},
  author={Singh, Sumeet and Majumdar, Anirudha and Slotine, Jean-Jacques and Pavone, Marco},
  booktitle={2017 IEEE International Conference on Robotics and Automation (ICRA)},
  pages={5883--5890},
  year={2017},
  organization={IEEE}
}

@article{sucan2012open,
  title={The open motion planning library},
  author={Sucan, Ioan A and Moll, Mark and Kavraki, Lydia E},
  journal={IEEE Robotics \& Automation Magazine},
  volume={19},
  number={4},
  pages={72--82},
  year={2012},
  publisher={IEEE}
}

@article{chitta2012moveit,
  title={Moveit![ros topics]},
  author={Chitta, Sachin and Sucan, Ioan and Cousins, Steve},
  journal={IEEE Robotics \& Automation Magazine},
  volume={19},
  number={1},
  pages={18--19},
  year={2012},
  publisher={IEEE}
}

@book{lavalle2006planning,
  title={Planning algorithms},
  author={LaValle, Steven M},
  year={2006},
  publisher={Cambridge university press}
}

@article{karaman2010incremental,
  title={Incremental sampling-based algorithms for optimal motion planning},
  author={Karaman, Sertac and Frazzoli, Emilio},
  journal={Robotics Science and Systems VI},
  volume={104},
  number={2},
  year={2010}
}

@inproceedings{raman2015reactive,
  title={Reactive synthesis from signal temporal logic specifications},
  author={Raman, Vasumathi and Donz{\'e}, Alexandre and Sadigh, Dorsa and Murray, Richard M and Seshia, Sanjit A},
  booktitle={Proceedings of the 18th international conference on hybrid systems: Computation and control},
  pages={239--248},
  year={2015}
}

@inproceedings{RavanCG,
 author = {Ravanbakhsh, Hadi and Sankaranarayanan, Sriram},
 title = {Robust Controller Synthesis of Switched Systems Using Counterexample Guided Framework},
 booktitle = {International Conference on Embedded Software},
 year = {2016},
 pages = {8:1--8:10},
 articleno = {8},
 numpages = {10},
 publisher = {ACM}
} 
@inproceedings{cosyma,
	author = {Mouelhi, Sebti and Girard, Antoine and G\"{o}ssler, Gregor},
	title = {{CoSyMA}: A Tool for Controller Synthesis Using Multi-scale Abstractions},
	booktitle = {International Conference on Hybrid Systems: Computation and Control},
	year = {2013},
	pages = {83--88},
	numpages = {6},
	publisher = {ACM},
} 
@inproceedings{Tulip-short,
	author = {Wongpiromsarn, Tichakorn and Topcu, Ufuk and Ozay, Necmiye and Xu, Huan and Murray, Richard M.},
	title = {TuLiP: A Software Toolbox for Receding Horizon Temporal Logic Planning},
	booktitle = {International Conference on Hybrid Systems: Computation and Control},
	year = {2011},
	pages = {313--314},
	numpages = {2},
	publisher = {ACM},
} 
@inproceedings{LTLMOP,
	author    = {Kai Weng Wong and
	Cameron Finucane and
	Hadas Kress{-}Gazit},
	title     = {Provably-correct robot control with {LTLMoP}, {OMPL} and {ROS}},
	booktitle = {{IEEE/RSJ} International Conference on Intelligent Robots and
	Systems},
	pages     = {2073},
	year      = {2013},
}

@article {LTLMOP2,
	title = {Temporal Logic based Reactive Mission and Motion Planning},
	journal = {IEEE Transactions on Robotics},
	volume = {25},
	number = {6},
	year = {2009},
	pages = {1370{\textendash}1381},
	author = {Hadas~Kress-Gazit and Gerogios~E.~Fainekos and George~J.~Pappas}
}

@inproceedings{pessoa,
	author = {Roy, Pritam and Tabuada, Paulo and Majumdar, Rupak},
	title = {Pessoa 2.0: A Controller Synthesis Tool for Cyber-physical Systems},
	booktitle = {International Conference on Hybrid Systems: Computation and Control},
	year = {2011},
	pages = {315--316},
	numpages = {2},
	publisher = {ACM},
} 
@inproceedings{AbateBCCDKKP17,
	author    = {Alessandro Abate and
	Iury Bessa and
	Dario Cattaruzza and
	Lucas C. Cordeiro and
	Cristina David and
	Pascal Kesseli and
	Daniel Kroening and
	Elizabeth Polgreen},
	title     = {Automated Formal Synthesis of Digital Controllers for State-Space
	Physical Plants},
	booktitle = {International Conference on Computer Aided Verification},
	pages     = {462--482},
	year      = {2017},
}


@article{MajumdarMS16,
  title={Compositional synthesis of finite-state abstractions},
  author={Mallik, Kaushik and Schmuck, Anne-Kathrin and Soudjani, Sadegh and Majumdar, Rupak},
  journal={IEEE Transactions on Automatic Control},
  volume={64},
  number={6},
  pages={2629--2636},
  year={2018},
  publisher={IEEE}
}

@inproceedings{SchurmannA17,
	author    = {Bastian Sch{\"{u}}rmann and
	Matthias Althoff},
	title     = {Optimal control of sets of solutions to formally guarantee constraints
	of disturbed linear systems},
	booktitle = {American Control Conference, {(ACC)}},
	pages     = {2522--2529},
	year      = {2017},
}

@article{boyd2004convex,
	title={Convex optimization},
  	author={Boyd, Stephen and Vandenberghe, Lieven},
  	year={2004},
  	publisher={Cambridge university press}
}




@inproceedings{z3,
 author = {De Moura, Leonardo and Bj{\o}rner, Nikolaj},
 title = {Z3: An Efficient SMT Solver},
 booktitle = {International Conference on Tools and Algorithms for the Construction and Analysis of Systems},
 year = {2008},
 location = {Budapest, Hungary},
 pages = {337--340},
 numpages = {4},
 publisher = {Springer-Verlag},
} 
@InProceedings{cvc4,
author="Barrett, Clark
and Conway, Christopher L.
and Deters, Morgan
and Hadarean, Liana
and Jovanovi{\'{c}}, Dejan
and King, Tim
and Reynolds, Andrew
and Tinelli, Cesare",
editor="Gopalakrishnan, Ganesh
and Qadeer, Shaz",
title="CVC4",
booktitle="International Conference on Computer Aided Verification",
year="2011",
publisher="Springer",
pages="171--177"
}

@InProceedings{yices,
  author =   {Dutertre, Bruno},
  title =    {Yices 2.2},
  booktitle = {International Conference on Computer Aided Verification},
  year =   {2014},
  volume =       {8559},
  pages =        {737--744},
  publisher =    {Springer}}

@article{SrivastavaGF13,
  author    = {Saurabh Srivastava and
               Sumit Gulwani and
               Jeffrey S. Foster},
  title     = {Template-based program verification and program synthesis},
  journal   = {International Journal on Software Tools for Technology Transfer},
  volume    = {15},
  number    = {5-6},
  pages     = {497--518},
  year      = {2013},
}

@article{TalyGT11,
  author    = {Ankur Taly and
               Sumit Gulwani and
               Ashish Tiwari},
  title     = {Synthesizing switching logic using constraint solving},
  journal   = {International Journal on Software Tools for Technology Transfer},
  volume    = {13},
  number    = {6},
  pages     = {519--535},
  year      = {2011},
}

@inproceedings{JhaST11,
  author    = {Susmit Jha and
               Sanjit A. Seshia and
               Ashish Tiwari},
  title     = {Synthesis of optimal switching logic for hybrid systems},
  booktitle = {International Conference on Embedded Software},
  pages     = {107--116},
  year      = {2011},
}

@inproceedings{KooPS01,
  author    = {Tak{-}John Koo and
               George J. Pappas and
               Shankar Sastry},
  title     = {Mode Switching Synthesis for Reachability Specifications},
  booktitle = {International Workshop on Hybrid Systems: Computation and Control},
  pages     = {333--346},
  year      = {2001},
}





@article{robotreview,
author = { Hadas  Kress-Gazit and  Morteza  Lahijanian and  Vasumathi  Raman},
title = {Synthesis for Robots: Guarantees and Feedback for Robot Behavior},
journal = {Annual Review of Control, Robotics, and Autonomous Systems},
volume = {1},
number = {1},
year = {2018},
}


@article{FainekosGKP09,
  author    = {Georgios E. Fainekos and
               Antoine Girard and
               Hadas Kress{-}Gazit and
               George J. Pappas},
  title     = {Temporal logic motion planning for dynamic robots},
  journal   = {Automatica},
  volume    = {45},
  number    = {2},
  pages     = {343--352},
  year      = {2009},
}

@article{TabuadaP06,
  author    = {Paulo Tabuada and
               George J. Pappas},
  title     = {Linear Time Logic Control of Discrete-Time Linear Systems},
  journal   = {{IEEE} Transactions on Automatic Control},
  volume    = {51},
  number    = {12},
  pages     = {1862--1877},
  year      = {2006},
}

@article{KloetzerB08,
  author    = {Marius Kloetzer and
               Calin Belta},
  title     = {A Fully Automated Framework for Control of Linear Systems from Temporal
               Logic Specifications},
  journal   = {{IEEE} Transactions on Automatic Control},
  volume    = {53},
  number    = {1},
  pages     = {287--297},
  year      = {2008},
}

@article{WongpiromsarnTM12,
  author    = {Tichakorn Wongpiromsarn and
               Ufuk Topcu and
               Richard M. Murray},
  title     = {Receding Horizon Temporal Logic Planning},
  journal   = {{IEEE} Transactions on Automatic Control},
  volume    = {57},
  number    = {11},
  pages     = {2817--2830},
  year      = {2012},
}

@article{YordanovTCBB12,
  author    = {Boyan Yordanov and
               Jana Tumova and
               Ivana Cerna and
               Jiri Barnat and
               Calin Belta},
  title     = {Temporal Logic Control of Discrete-Time Piecewise Affine Systems},
  journal   = {{IEEE} Transactions on Automatic Control},
  volume    = {57},
  number    = {6},
  pages     = {1491--1504},
  year      = {2012},
}

@inproceedings{AbateAPLS07,
  author    = {Alessandro Abate and
               Saurabh Amin and
               Maria Prandini and
               John Lygeros and
               Shankar Sastry},
  title     = {Computational Approaches to Reachability Analysis of Stochastic Hybrid
               Systems},
  booktitle = {International Workshop on Hybrid Systems: Computation and Control,},
  pages     = {4--17},
  year      = {2007},
}

@book{paulobook,
  author    = {Paulo Tabuada},
  title     = {Verification and Control of Hybrid Systems - {A} Symbolic Approach},
  publisher = {Springer},
  year      = {2009},
}

@article{Girard12,
  author    = {Antoine Girard},
  title     = {Controller synthesis for safety and reachability via approximate bisimulation},
  journal   = {Automatica},
  volume    = {48},
  number    = {5},
  pages     = {947--953},
  year      = {2012},
}

@article{LiuOTM13,
  author    = {Jun Liu and
               Necmiye Ozay and
               Ufuk Topcu and
               Richard M. Murray},
  title     = {Synthesis of Reactive Switching Protocols From Temporal Logic Specifications},
  journal   = {{IEEE} Transactions on Automatic Control},
  volume    = {58},
  number    = {7},
  pages     = {1771--1785},
  year      = {2013},
}

@inproceedings{ZhaoZK13,
  author    = {Hengjun Zhao and
               Naijun Zhan and
               Deepak Kapur},
  title     = {Synthesizing Switching Controllers for Hybrid Systems by Generating
               Invariants},
  booktitle = {Theories of Programming and Formal Methods - Essays Dedicated to Jifeng
               He on the Occasion of His 70th Birthday},
  pages     = {354--373},
  year      = {2013},
}

@article{GolLB14,
  author    = {Ebru Aydin Gol and
               Mircea Lazar and
               Calin Belta},
  title     = {Language-Guided Controller Synthesis for Linear Systems},
  journal   = {{IEEE} Transactions on Automatic Control},
  volume    = {59},
  number    = {5},
  pages     = {1163--1176},
  year      = {2014},
}

@article{RamiT07,
  author    = {Mustapha Ait Rami and
               Fernando Tadeo},
  title     = {Controller Synthesis for Positive Linear Systems With Bounded Controls},
  journal   = {{IEEE} Transactions on Circuits and Systems},
  volume    = {54-II},
  number    = {2},
  pages     = {151--155},
  year      = {2007},
}

@inproceedings{InalaPQLS17,
  author    = {Jeevana Priya Inala and
               Nadia Polikarpova and
               Xiaokang Qiu and
               Benjamin S. Lerner and
               Armando Solar{-}Lezama},
  title     = {Synthesis of Recursive {ADT} Transformations from Reusable Templates},
  booktitle = {Tools and Algorithms for the Construction and Analysis of Systems
               - 23rd International Conference, {TACAS} 2017, Held as Part of the
               European Joint Conferences on Theory and Practice of Software, {ETAPS}
               2017, Uppsala, Sweden, April 22-29, 2017, Proceedings, Part {I}},
  pages     = {247--263},
  year      = {2017},
}

@inproceedings{FilippidisDLOM16,
  author    = {Ioannis Filippidis and
               Sumanth Dathathri and
               Scott C. Livingston and
               Necmiye Ozay and
               Richard M. Murray},
  title     = {Control design for hybrid systems with TuLiP: The Temporal Logic Planning
               toolbox},
  booktitle = {{IEEE} Conference on Control Applications},
  pages     = {1030--1041},
  year      = {2016},
}

@inproceedings{fainekos2005hybrid,
  title={Hybrid controllers for path planning: A temporal logic approach},
  author={Fainekos, Georgios E and Kress-Gazit, Hadas and Pappas, George J},
  booktitle={Decision and Control, 2005 and 2005 European Control Conference. CDC-ECC'05. 44th IEEE Conference on},
  pages={4885--4890},
  year={2005},
  organization={IEEE}
}

@inproceedings{DingT10,
  author    = {Jerry Ding and
               Claire J. Tomlin},
  title     = {Robust reach-avoid controller synthesis for switched nonlinear systems},
  booktitle = {Decision and Control (CDC), 2010 IEEE 49th Annual Conference on},
  pages     = {6481--6486},
  year      = {2010},
}

@inproceedings{HuangWMDC15,
  author    = {Zhenqi Huang and
               Yu Wang and
               Sayan Mitra and
               Geir E. Dullerud and
               Swarat Chaudhuri},
  title     = {Controller synthesis with inductive proofs for piecewise linear systems:
               An SMT-based algorithm},
  booktitle = {Decision and Control (CDC), 2015 IEEE 54th Annual Conference on},
  pages     = {7434--7439},
  year      = {2015},
}

@inproceedings{FisacCTS15,
  author    = {Jaime F. Fisac and
               Mo Chen and
               Claire J. Tomlin and
               S. Shankar Sastry},
  title     = {Reach-avoid problems with time-varying dynamics, targets and constraints},
  booktitle = {International Conference on Hybrid Systems:
               Computation and Control},
  pages     = {11--20},
  year      = {2015},
}

@article{EsfahaniCL16,
  author    = {Peyman Mohajerin Esfahani and
               Debasish Chatterjee and
               John Lygeros},
  title     = {The stochastic reach-avoid problem and set characterization for diffusions},
  journal   = {Automatica},
  volume    = {70},
  pages     = {43--56},
  year      = {2016},
}

@book{antsaklis2007linear,
  title={A Linear Systems Primer},
  author={Antsaklis, Panos J and Michel, Anthony N},
  year={2007},
  publisher={Birkh{\"a}user Boston}
}

@book{hespanha2009linear,
  title={Linear Systems Theory},
  author={Hespanha, Joao P},
  year={2009},
  publisher={Princeton University Press}
}

@article{kurzhanskiy2007ellipsoidal,
  title={Ellipsoidal techniques for reachability analysis of discrete-time linear systems},
  author={Kurzhanskiy, Alex A and Varaiya, Pravin},
  journal={IEEE Transactions on Automatic Control},
  volume={52},
  number={1},
  pages={26--38},
  year={2007},
  publisher={IEEE}
}

@article{liberzon2008observer,
  title={Observer-based quantized output feedback control of nonlinear systems},
  author={Liberzon, Daniel},
  journal={IFAC Proceedings Volumes},
  volume={41},
  number={2},
  pages={8039--8043},
  year={2008},
  publisher={Elsevier}
}

@article{brockett2000quantized,
  title={Quantized feedback stabilization of linear systems},
  author={Brockett, Roger W and Liberzon, Daniel},
  journal={IEEE transactions on Automatic Control},
  volume={45},
  number={7},
  pages={1279--1289},
  year={2000},
  publisher={IEEE}
}



@inproceedings{raman2014model,
  title={Model predictive control with signal temporal logic specifications},
  author={Raman, Vasumathi and Donz{\'e}, Alexandre and Maasoumy, Mehdi and Murray, Richard M and Sangiovanni-Vincentelli, Alberto and Seshia, Sanjit A},
  booktitle={Decision and Control (CDC), 2014 IEEE 53rd Annual Conference on},
  pages={81--87},
  year={2014},
  organization={IEEE}
}

@inproceedings{bouyer2006controller,
  title={Controller synthesis for MTL specifications},
  author={Bouyer, Patricia and Bozzelli, Laura and Chevalier, Fabrice},
  booktitle={International Conference on Concurrency Theory},
  pages={450--464},
  year={2006},
  organization={Springer}
}

@article{Bemporad2002,
author = {Bemporad, Alberto and Borrelli, Francesco and Morari, Manfred},
journal = {IEEE Transactions on Automatic Control},
number = {12},
pages = {1974--1985},
title = {{Model predictive control based on linear programming - The explicit solution}},
volume = {47},
year = {2002}
}

@inproceedings{Grancharova2012,
number = {4},
pages = {254--259},
publisher = {Elsevier},
title = {{Distributed MPC-based path planning for UAVs under radio communication path loss constraints}},
volume = {45},
year = {2012}
}

@inproceedings{Ardakani2015,
author = {Ardakani, M. Mahdi Ghazaei and Olofsson, Bj{\"{o}}rn and Robertsson, Anders and Johansson, Rolf},
booktitle = {IEEE International Conference on Automation Science and Engineering},
pages = {942--948},
publisher = {IEEE},
title = {{Real-time trajectory generation using model predictive control}},
year = {2015}
}

@inproceedings{Filho2017,
author = {Filho, Jose M.Mendes and Lucet, Eric and Filliat, David},
booktitle = {International Conference on Robotics and Automation},
pages = {657--663},
publisher = {IEEE},
title = {{Real-time distributed receding horizon motion planning and control for mobile multi-robot dynamic systems}},
year = {2017}
}


@inproceedings{Liu2017,
author = {Liu, Chang and Lee, Seungho and Varnhagen, Scott and Tseng, H. Eric},
booktitle = {IEEE Intelligent Vehicles Symposium},
pages = {174--179},
publisher = {IEEE},
title = {{Path planning for autonomous vehicles using model predictive control}},
year = {2017}
}

@inproceedings{Alessio2009,
author = {Alessio, Alessandro and Bemporad, Alberto},
booktitle = {Nonlinear Model Predictive Control: Towards New Challenging Applications},
pages = {345--369},
publisher = {Springer},
title = {{A survey on explicit model predictive control}},
volume = {384},
year = {2009}
}

@inproceedings{Mayne2014,
author = {Mayne, David Q.},
booktitle = {Automatica},
keywords = {Model predictive control},
number = {12},
pages = {2967--2986},
publisher = {Pergamon},
title = {{Model predictive control: Recent developments and future promise}},
volume = {50},
year = {2014}
}

@inproceedings{Herbert2018,
author = {Herbert, Sylvia L. and Chen, Mo and Han, SooJean and Bansal, Somil and Fisac, Jaime F. and Tomlin, Claire J.},
booktitle = {Decision and Control (CDC), 2017 IEEE 56th Annual Conference on},
pages = {1517--1522},
publisher = {IEEE},
title = {{FaSTrack: A modular framework for fast and guaranteed safe motion planning}},
year = {2017}
}

@inproceedings{vitus2008tunnel,
  title={Tunnel-milp: Path planning with sequential convex polytopes},
  author={Vitus, Michael and Pradeep, Vijay and Hoffmann, Gabriel and Waslander, Steven and Tomlin, Claire},
  booktitle={AIAA Guidance, Navigation and Control Conference and Exhibit},
  pages={7132},
  year={2008}
}


@article{zeilinger2011real,
  title={Real-time suboptimal model predictive control using a combination of explicit {MPC} and online optimization},
  author={Zeilinger, Melanie Nicole and Jones, Colin Neil and Morari, Manfred},
  journal={IEEE Transactions on Automatic Control},
  volume={56},
  number={7},
  pages={1524--1534},
  year={2011},
  publisher={IEEE}
}

@inproceedings{kuffner2000rrt,
  title={{RRT}-{C}onnect: An efficient approach to single-query path planning},
  author={Kuffner, James J and LaValle, Steven M},
  booktitle={IEEE International Conference on Robotics and Automation},
  volume={2},
  pages={995--1001},
  year={2000},
  organization={IEEE}
}


@article{kavraki1994probabilistic,
  title={Probabilistic roadmaps for path planning in high-dimensional configuration spaces},
  author={Kavraki, Lydia E and Svestka, Petr and Latombe, J-C and Overmars, Mark H},
  journal={IEEE Transactions on Robotics and Automation},
  volume={12},
  number={4},
  pages={566--580},
  year={1996},
  publisher={IEEE}
}

@article{janson2015fast,
  title={Fast marching tree: A fast marching sampling-based method for optimal motion planning in many dimensions},
  author={Janson, Lucas and Schmerling, Edward and Clark, Ashley and Pavone, Marco},
  journal={International Journal of Robotics Research},
  volume={34},
  number={7},
  pages={883--921},
  year={2015},
  publisher={SAGE Publications Sage UK: London, England}
}

@book{liberzon2011calculus,
  title={Calculus of Variations and Optimal Control Theory: A Concise Introduction},
  author={Liberzon, Daniel},
  year={2011},
  publisher={Princeton University Press}
}


@book{bittanti2012riccati,
  title={The Riccati Equation},
  author={Bittanti, Sergio and Laub, Alan J and Willems, Jan C},
  year={2012},
  publisher={Springer Science \& Business Media}
}

@article{wang2009fast,
  title={Fast model predictive control using online optimization},
  author={Wang, Yang and Boyd, Stephen},
  journal={IEEE Transactions on Control Systems Technology},
  volume={18},
  number={2},
  pages={267--278},
  year={2009},
  publisher={IEEE}
}
@incollection{garrett2015ffrob,
  title={FFRob: An efficient heuristic for task and motion planning},
  author={Garrett, Caelan Reed and Lozano-P{\'e}rez, Tom{\'a}s and Kaelbling, Leslie Pack},
  booktitle={Algorithmic Foundations of Robotics XI},
  pages={179--195},
  year={2015},
  publisher={Springer}
}
@article{lagriffoul2018platform,
  title={Platform-independent benchmarks for task and motion planning},
  author={Lagriffoul, Fabien and Dantam, Neil T and Garrett, Caelan and Akbari, Aliakbar and Srivastava, Siddharth and Kavraki, Lydia E},
  journal={IEEE Robotics and Automation Letters},
  volume={3},
  number={4},
  pages={3765--3772},
  year={2018},
  publisher={IEEE}
}
@inproceedings{garrett2017sample,
  title={Sample-Based Methods for Factored Task and Motion Planning.},
  author={Garrett, Caelan Reed and Lozano-P{\'e}rez, Tom{\'a}s and Kaelbling, Leslie Pack},
  booktitle={Robotics: Science and Systems},
  year={2017}
}
@article{garrett2018ffrob,
  title={FFRob: Leveraging symbolic planning for efficient task and motion planning},
  author={Garrett, Caelan Reed and Lozano-Perez, Tomas and Kaelbling, Leslie Pack},
  journal={The International Journal of Robotics Research},
  volume={37},
  number={1},
  pages={104--136},
  year={2018},
  publisher={SAGE Publications Sage UK: London, England}
}